@misc{dades_obertes,
  howpublished = {Generalitat de Catalunya, Dades Obertes de Catalunya},
  note   ={\url{https://governobert.gencat.cat/ca/dades_obertes/inici}}
}

@misc{fd_rescue,
  howpublished = {Actuacions en salvaments al medi natural dels Bombers de la Generalitat},
  note   ={\url{https://analisi.transparenciacatalunya.cat/Seguretat/Actuacions-en-salvaments-al-medi-natural-dels-Bomb/fsum-2k6e}}
}

@misc{CPP,
  howpublished = {Registre general de plans de protecci√≥ civil de Catalunya},
  note   ={\url{https://analisi.transparenciacatalunya.cat/Seguretat/Registre-general-de-plans-de-protecci-civil-de-Cat/xqqe-tgav}}
}


@misc{geo_dades,
  howpublished = {Mapa de Divisions Administratives, \textit{ICGC}},
  note   ={\url{https://www.icgc.cat/Descarregues/Cartografia-vectorial/Divisions-administratives}}
}


@misc{github_repo,
  howpublished = {Group GitHub repository},
  note   ={\url{https://github.com/belenmvinhas/AVDM_ioib}}
}


